@article{ssm,
  title={Sliced Score Matching: A Scalable Approach to Density and Score Estimation}, 
  author={Yang Song and Sahaj Garg and Jiaxin Shi and Stefano Ermon},
  year={2019},
  eprint={1905.07088},
  archivePrefix={arXiv},
  primaryClass={cs.LG},
  url={https://arxiv.org/abs/1905.07088}, 
}

@article{sm,
  title={Estimation of non-normalized statistical models by score matching.},
  author={Hyv{\"a}rinen, Aapo and Dayan, Peter},
  journal={Journal of Machine Learning Research},
  volume={6},
  number={4},
  year={2005}
}

@article{pc_intro,
  author    = {Choi, YooJung and Vergari, Antonio and Van den Broeck, Guy},
  title     = {Probabilistic Circuits: A Unifying Framework for Tractable Probabilistic Models},
  month     = {10},
  year      = {2020},
  url       = "http://starai.cs.ucla.edu/papers/ProbCirc20.pdf",
  keywords  = {techreport}
}

@article{kl_divergence,
  ISSN = {00034851},
  URL = {http://www.jstor.org/stable/2236703},
  author = {S. Kullback and R. A. Leibler},
  journal = {The Annals of Mathematical Statistics},
  number = {1},
  pages = {79--86},
  publisher = {Institute of Mathematical Statistics},
  title = {On Information and Sufficiency},
  urldate = {2024-09-12},
  volume = {22},
  year = {1951}
}

@misc{gan,
  title={Generative Adversarial Networks}, 
  author={Ian J. Goodfellow and Jean Pouget-Abadie and Mehdi Mirza and Bing Xu and David Warde-Farley and Sherjil Ozair and Aaron Courville and Yoshua Bengio},
  year={2014},
  eprint={1406.2661},
  archivePrefix={arXiv},
  primaryClass={stat.ML},
  url={https://arxiv.org/abs/1406.2661}, 
}

@misc{vae,
  title={Auto-Encoding Variational Bayes}, 
  author={Diederik P Kingma and Max Welling},
  year={2022},
  eprint={1312.6114},
  archivePrefix={arXiv},
  primaryClass={stat.ML},
  url={https://arxiv.org/abs/1312.6114}, 
}

@misc{spn,
      title={Sum-Product Networks: A New Deep Architecture}, 
      author={Hoifung Poon and Pedro Domingos},
      year={2012},
      eprint={1202.3732},
      archivePrefix={arXiv},
      primaryClass={cs.LG},
      url={https://arxiv.org/abs/1202.3732}, 
}